<?xml version="1.0" encoding="UTF-8"?><collection xmlns="http://www.loc.gov/MARC21/slim"><record><leader>00470nam--2200133-i-4500</leader><controlfield tag="001">000048066</controlfield><controlfield tag="002">20161230</controlfield><controlfield tag="005">20161230201046</controlfield><controlfield tag="008">060222s1000------------r-----000-0-eng-d</controlfield><datafield ind1=" " ind2=" " tag="080"><subfield code="a">530.145.6(043)</subfield></datafield><datafield ind1=" " ind2=" " tag="100"><subfield code="a">Zizi, Khelifa</subfield></datafield><datafield ind1=" " ind2=" " tag="245"><subfield code="a">1. theorie de la diffusion pour une classe d`operateurs de schrodinger avec des potentiels asymptotiquement coulombiens. 2. these: proposition donnee par la faculte</subfield></datafield><datafield ind1=" " ind2=" " tag="260"><subfield code="a">Paris, Universite Paris Xiii, 1975, 140p</subfield></datafield><datafield ind1=" " ind2=" " tag="852"><subfield code="a">44190</subfield></datafield></record></collection>